@MISC{ID,
	title = {Plant Pathology 2020 - FGVC7: Identify the category of foliar diseases in apple trees},
	url = {https://www.kaggle.com/c/plant-pathology-2020-fgvc7}
}



@ARTICLE{unknown,
	author = {Thapa, Ranjita and Snavely, Noah and Belongie, Serge and Khan, Awais},
	year = {2020},
	month = {04},
	pages = {},
	title = {The Plant Pathology 2020 challenge dataset to classify foliar disease of apples},
	url = {https://arxiv.org/abs/2004.11958}
}
