@misc{huang2016densely,
    title={Densely Connected Convolutional Networks},
    author={Gao Huang and Zhuang Liu and Laurens van der Maaten and Kilian Q. Weinberger},
    year={2016},
    eprint={1608.06993},
    archivePrefix={arXiv},
    primaryClass={cs.CV}
}